<record><leader>00000cas a22000007a 4500</leader><controlfield tag="001">12429814</controlfield><controlfield tag="008">850827d18uu18uuiauwr ne      0    0eng d</controlfield><datafield ind1=" " ind2=" " tag="010"><subfield code="a">sn 85050878 </subfield></datafield><datafield ind1=" " ind2=" " tag="040"><subfield code="a">INP</subfield><subfield code="b">eng</subfield><subfield code="c">INP</subfield><subfield code="d">CNK</subfield><subfield code="d">OCLCQ</subfield><subfield code="d">LIBRO</subfield><subfield code="d">OCLCO</subfield><subfield code="d">OCLCF</subfield><subfield code="d">OCL</subfield></datafield><datafield ind1=" " ind2=" " tag="042"><subfield code="a">msc</subfield></datafield><datafield ind1="0" ind2=" " tag="130"><subfield code="a">Boonsboro herald (Boonesboro, Iowa : 1862)</subfield></datafield><datafield ind1="1" ind2="0" tag="245"><subfield code="a">Boonsboro herald.</subfield></datafield><datafield ind1=" " ind2=" " tag="260"><subfield code="a">Boonesboro, Boone County, Iowa :</subfield><subfield code="b">John A. Hull &amp; Co.</subfield></datafield><datafield ind1=" " ind2=" " tag="300"><subfield code="a">v. :</subfield><subfield code="b">ill.</subfield></datafield><datafield ind1=" " ind2=" " tag="310"><subfield code="a">Weekly</subfield></datafield><datafield ind1=" " ind2=" " tag="500"><subfield code="a">Boonesboro, Iowa, incorporated into Boone, Iowa.</subfield></datafield><datafield ind1=" " ind2=" " tag="500"><subfield code="a">Editors: J.A. Hull, J.F. Rice and A.L. Speer, &lt;Jan. 9-23, 1862&gt;.</subfield></datafield><datafield ind1=" " ind2=" " tag="588"><subfield code="a">Description based on: Vol. 3, no. 1 (Jan. 2, 1862).</subfield></datafield><datafield ind1=" " ind2="0" tag="651"><subfield code="a">Boone (Iowa)</subfield><subfield code="v">Newspapers.</subfield></datafield><datafield ind1=" " ind2="0" tag="651"><subfield code="a">Boone County (Iowa)</subfield><subfield code="v">Newspapers.</subfield></datafield><datafield ind1=" " ind2="0" tag="651"><subfield code="a">United States</subfield><subfield code="x">History</subfield><subfield code="y">Civil War, 1861-1865</subfield><subfield code="v">Sources.</subfield></datafield><datafield ind1="2" ind2="7" tag="611"><subfield code="a">American Civil War (1861-1865)</subfield><subfield code="2">fast</subfield><subfield code="0">(OCoLC)fst01351658</subfield></datafield><datafield ind1=" " ind2="7" tag="651"><subfield code="a">Iowa</subfield><subfield code="z">Boone.</subfield><subfield code="2">fast</subfield><subfield code="0">(OCoLC)fst01218579</subfield></datafield><datafield ind1=" " ind2="7" tag="651"><subfield code="a">Iowa</subfield><subfield code="z">Boone County.</subfield><subfield code="2">fast</subfield><subfield code="0">(OCoLC)fst01212206</subfield></datafield><datafield ind1=" " ind2="7" tag="651"><subfield code="a">United States.</subfield><subfield code="2">fast</subfield><subfield code="0">(OCoLC)fst01204155</subfield></datafield><datafield ind1=" " ind2="7" tag="648"><subfield code="a">1861-1865</subfield><subfield code="2">fast</subfield></datafield><datafield ind1=" " ind2="7" tag="655"><subfield code="a">History.</subfield><subfield code="2">fast</subfield><subfield code="0">(OCoLC)fst01411628</subfield></datafield><datafield ind1=" " ind2="7" tag="655"><subfield code="a">Newspapers.</subfield><subfield code="2">fast</subfield><subfield code="0">(OCoLC)fst01423814</subfield></datafield><datafield ind1=" " ind2="7" tag="655"><subfield code="a">Sources.</subfield><subfield code="2">fast</subfield><subfield code="0">(OCoLC)fst01423900</subfield></datafield><datafield ind1=" " ind2=" " tag="752"><subfield code="a">United States</subfield><subfield code="b">Iowa</subfield><subfield code="c">Boone</subfield><subfield code="d">Boonesboro.</subfield></datafield></record>